<?xml version="1.0" encoding="UTF-8"?><collection xmlns="http://www.loc.gov/MARC21/slim"><record><leader>00330nam--2200121-i-4500</leader><controlfield tag="001">000024550</controlfield><controlfield tag="002">20161230</controlfield><controlfield tag="005">20161230201035</controlfield><controlfield tag="008">060222s1000------------r-----000-0-eng-d</controlfield><datafield ind1=" " ind2=" " tag="080"><subfield code="a">621.311.2:621.039(061.3)</subfield></datafield><datafield ind1=" " ind2=" " tag="245"><subfield code="a">Indo-french seminar on nuclear energy</subfield></datafield><datafield ind1=" " ind2=" " tag="260"><subfield code="a">Bombay, Department Of Atomic Energy, 1985. 438p</subfield></datafield><datafield ind1=" " ind2=" " tag="852"><subfield code="a">73291</subfield></datafield></record></collection>